@book{Oates:2006:RIS:1202299,
 author = {Oates, Briony J},
 title = {Researching Information Systems and Computing},
 year = {2006},
 isbn = {1412902231},
 publisher = {Sage Publications Ltd.},
} 

@book{Wohlin:2000:ESE:330775,
 author = {Wohlin, Claes and Runeson, Per and H\"{o}st, Martin and Ohlsson, Magnus C. and Regnell, Bj\"{o}orn and Wessl{\'e}n, Anders},
 title = {Experimentation in Software Engineering: An Introduction},
 year = {2000},
 isbn = {0-7923-8682-5},
 publisher = {Kluwer Academic Publishers},
 address = {Norwell, MA, USA},
} 

@book{forskerhaandboken,
 author = {Hartvigsen, Gunnar},
 title = {Forskerhåndboken},
 year = {1998},
 isbn = {82-7634-122-5},
 publisher = {HøyskoleForlaget AS - Norwegian Academic Press},
} 

@article{cunningham1993wycash,
  title={The WyCash portfolio management system},
  author={Cunningham, Ward},
  journal={ACM SIGPLAN OOPS Messenger},
  volume={4},
  number={2},
  pages={29--30},
  year={1993},
  publisher={ACM}
}
