@inproceedings{brown2010managing,
  title={Managing technical debt in software-reliant systems},
  author={Brown, Nanette and Cai, Yuanfang and Guo, Yuepu and Kazman, Rick and Kim, Miryung and Kruchten, Philippe and Lim, Erin and MacCormack, Alan and Nord, Robert and Ozkaya, Ipek and others},
  booktitle={Proceedings of the FSE/SDP workshop on Future of software engineering research},
  pages={47--52},
  year={2010},
  organization={ACM}
}

@inproceedings{hei,
  title={Managing technical debt in software-reliant systems},
  author={Brown, Nanetai, Yuanfang and Guo, Yuepu and Kazman, Rick and Kim, Miryung and Kruchten, Philippe and Lim, Erin and MacCormack, Alan and Nord, Robert and Ozkaya, Ipek and others},
  booktitle={Proceedings of  workshop on Future of software engineering research},
  pages={433--542},
  year={2010},
  organization={ACM}
}