@online{url-fowler,
	author					= { Martin Fowler },
	title 					= { {T}echnical {D}ebt {Q}uadrant },
	year 					= { 2009 },
	howpublished = {\url{ http://martinfowler.com/bliki/TechnicalDebtQuadrant.html }}
}

@online{url-mcconnell,
	author					= { Steve McConnell },
	title					= { Technical Debt },
	year					= { 2007 },
	howpublished = {\url{ http://www.construx.com/10x_Software_Development/Technical_Debt/ }}
}

@online{gartner,
	author					= { Gartner },
	title					= { {G}artner {S}ays 4.9 {B}illion {C}onnected "{T}hings" {W}ill {B}e in {U}se in 2015 },
	year					= { 2014 },
	howpublished = {\url{http://www.gartner.com/newsroom/id/2905717 }}
}

@techreport{sonarsource2013sonarqube,
  title={SonarQube},
  author={SonarSource, SA},
  year={2013},
  institution={Technical report, last update: June}
}

@online{gartner2010,
	author = { Andrew Kyte },
	title = { Gartner Estimates Global IT Debt to Be 500 Billion Dollars This Year, with Potential to Grow to 1 Trillion Dollars by 2015 },
	year = { 2010 },
	howpublished = {\url{http://www.gartner.com/newsroom/id/1439513 }}
}

@online{steve-blank,
	author = { Steve Blank },
	title = { Organizational Debt is like Technical debt - but worse },
	year = { 2015 },
	howpublished = {\url{ http://steveblank.com/2015/05/19/organizational-debt-is-like-technical-debt-but-worse/ }}
}

@online{jim-highsmith,
	author = {Jim Highsmith},
	title = {The Financial Implications of Technical Debt},
	year = {2010},
	howpublished = {\url{http://jimhighsmith.com/the-financial-implications-of-technical-debt/}}
}

@online{design-debt,
	author = {C2},
	title = {Design Debt},
	year = {2010},
	howpublished = {\url{http://c2.com/cgi/wiki?DesignDebt}}
}

@online{mooc,
	author = {Spencer Rugaber},
	title = {Software Architecture and Design},
	howpublished = {\url{https://www.udacity.com/wiki/saad}}
}

@online{empirical-research-SE,
	author = {Sarfraz Nawaz Brohi, Mervat Adib Bamiah},
	title = {Empirical Research Methods for Software Engineering},
	year = {2001},
	howpublished = {\url{http://www.slideshare.net/sarfraznawaz/empirical-research-methods-for-software-engineering}}
}

@article{agilemanifesto,
  title={Agile manifesto},
  author={Alliance, Agile},
  journal={Online at http://www. agilemanifesto. org},
  volume={6},
  number={6.1},
  year={2001}
}

@misc{ wiki:techdebt,
   author = "Wikipedia",
   title = "Technical debt --- Wikipedia{,} The Free Encyclopedia",
   year = "2015",
   howpublished={\url {"https://en.wikipedia.org/w/index.php?title=Technical_debt&oldid=685828440"}},
   note = "[Online; accessed 16-October-2015]"
 }

 @online{soysusan,
 	author = { Soy, Susan K },
 	title = { The case study as a research method },
 	year = { 1997 },
 	howpublished = {\url{https://www.ischool.utexas.edu/~ssoy/usesusers/l391d1b.htm }}
 }

 @misc{Desig53:online,
author = {SourceMaking},
title = {Design Patterns},
howpublished = {\url{https://sourcemaking.com/design_patterns}},
note = {(Accessed on 06/07/2016)}
}

 @online{argouml,
 	author = { Tigris.org },
 	title = { Welcome to ArgoUML },
 	howpublished = {\url{ http://argouml.tigris.org/ }},
 	year = { 2001 },
 note = {(Accessed on 06/01/2016)}
 }

  @misc{mcconnel-slides,
 	author = {McConnell, Steve},
 	title = {Managing Technical Debt},
 	year = {2007},
 	howpublished = {\url{http://2013.icse-conferences.org/documents/publicity/MTD-WS-McConnell-slides.pdf}},
 	note = {[Online; accessed 03-May-2016]}
 }

 @online{metricoverview,
 	title = {Metrics Overview},
 	howpublished = {\url{http://staff.unak.is/andy/StaticAnalysis0809/metrics/overview.html}},
 	author = {Brooks, Andy}
 }

 @online{metricsguide,
  howpublished = {\url{http://support.objecteering.com/objecteering6.1/help/us/metrics/toc.htm}},
  author = {Objecteering},
  title = {Objecteering Metrics User Guide},
 note = {(Accessed on 06/01/2016)}
 }

 @misc{phpdepend,
 howpublished={\url{https://pdepend.org/documentation/software-metrics/index.html}},
 author = {PHPDepend},
 title={Software metrics supported by PHPDepend},
 note = {(Accessed on 06/01/2016)}
 }




 @misc{doxygen,
author = {Doxygen},
title = {Doxygen},
howpublished = {\url{http://www.stack.nl/~dimitri/doxygen/}},
note = {(Accessed on 06/04/2016)}
}



 @misc{enterprisearchi,
author = {Sparx Systems},
title = {The Ultimate Design \& Build Platform},
howpublished = {\url{http://www.sparxsystems.com.au/}},
note = {(Accessed on 06/03/2016)}
}



 @misc{understnad,
author = {Scitools},
title = {Understand},
howpublished = {\url{https://scitools.com/}},
note = {(Accessed on 06/03/2016)}
}

 @misc{cppdepend,
author = {CppDepend},
title = {CppDepend :: C/C++ Static Analysis and Code Quality Tool},
howpublished = {\url{http://www.cppdepend.com/}},
note = {(Accessed on 06/03/2016)}
}

 @misc{cccc,
author = {Tim Littlefair},
title = {CCCC - C and C++ Code Counter},
howpublished = {\url{https://scitools.com/}},
note = {(Accessed on 06/03/2016)}
}

 @misc{cppcheck,
author = {CppCheck},
title = {CppCheck - A tool for static C/C++ code analysis},
howpublished = {\url{http://cppcheck.sourceforge.net/}},
note = {(Accessed on 06/03/2016)}
}

 @misc{cppclean,
author = {CppClean},
title = {cppclean},
howpublished = {\url{https://github.com/myint/cppclean}},
note = {(Accessed on 06/03/2016)}
}

 @misc{techdeposit,
author = {Teig, Ã˜yvind},
title = {Technical dept vs. technical deposit},
howpublished = {\url{http://www.teigfam.net/oyvind/home/technology/126-technical-dept-vs-technical-deposit/}},
note = {(Accessed on 06/10/2016)}
}

