/**************************************
        TECHNICAL DEBT
 *************************************/

// p29-cunningham
@article{p29-cunningham,
 author = {Cunningham, Ward},
 title = {The WyCash Portfolio Management System},
 journal = {SIGPLAN OOPS Mess.},
 issue_date = {April 1993},
 volume = {4},
 number = {2},
 month = dec,
 year = {1992},
 issn = {1055-6400},
 pages = {29--30},
 numpages = {2},
 url = {http://doi.acm.org/10.1145/157710.157715},
 doi = {10.1145/157710.157715},
 acmid = {157715},
 publisher = {ACM},
 address = {New York, NY, USA},
} 

// p39-zazworka
@inproceedings{Zazworka:2011:PDD:1985362.1985372,
 author = {Zazworka, Nico and Seaman, Carolyn and Shull, Forrest},
 title = {Prioritizing Design Debt Investment Opportunities},
 booktitle = {Proceedings of the 2Nd Workshop on Managing Technical Debt},
 series = {MTD '11},
 year = {2011},
 isbn = {978-1-4503-0586-0},
 location = {Waikiki, Honolulu, HI, USA},
 pages = {39--42},
 numpages = {4},
 url = {http://doi.acm.org/10.1145/1985362.1985372},
 doi = {10.1145/1985362.1985372},
 acmid = {1985372},
 publisher = {ACM},
 address = {New York, NY, USA},
 keywords = {code smells, design debt, god class, maintainability, refactoring, technical debt},
} 

// p24-gat
@inproceedings{p24-gat,
 author = {Gat, Israel and Heintz, John D.},
 title = {From Assessment to Reduction: How Cutter Consortium Helps Rein in Millions of Dollars in Technical Debt},
 booktitle = {Proceedings of the 2Nd Workshop on Managing Technical Debt},
 series = {MTD '11},
 year = {2011},
 isbn = {978-1-4503-0586-0},
 location = {Waikiki, Honolulu, HI, USA},
 pages = {24--26},
 numpages = {3},
 url = {http://doi.acm.org/10.1145/1985362.1985368},
 doi = {10.1145/1985362.1985368},
 acmid = {1985368},
 publisher = {ACM},
 address = {New York, NY, USA},
 keywords = {agile, agile metrics, code deficit, cost-benefit analysis, design decision trade-off, development, devops, large-scale system development, operations, software metrics, technical debt},
} 

// foser076-brown
@inproceedings{foser076-brown,
 author = {Brown, Nanette and Cai, Yuanfang and Guo, Yuepu and Kazman, Rick and Kim, Miryung and Kruchten, Philippe and Lim, Erin and MacCormack, Alan and Nord, Robert and Ozkaya, Ipek and Sangwan, Raghvinder and Seaman, Carolyn and Sullivan, Kevin and Zazworka, Nico},
 title = {Managing Technical Debt in Software-reliant Systems},
 booktitle = {Proceedings of the FSE/SDP Workshop on Future of Software Engineering Research},
 series = {FoSER '10},
 year = {2010},
 isbn = {978-1-4503-0427-6},
 location = {Santa Fe, New Mexico, USA},
 pages = {47--52},
 numpages = {6},
 url = {http://doi.acm.org/10.1145/1882362.1882373},
 doi = {10.1145/1882362.1882373},
 acmid = {1882373},
 publisher = {ACM},
 address = {New York, NY, USA},
 keywords = {cost-benefit analysis, design decision trade-off, large-scale system development, software metrics, technical debt},
} 

// p1-nugraho
@inproceedings{p1-nugraho,
 author = {Nugroho, Ariadi and Visser, Joost and Kuipers, Tobias},
 title = {An Empirical Model of Technical Debt and Interest},
 booktitle = {Proceedings of the 2Nd Workshop on Managing Technical Debt},
 series = {MTD '11},
 year = {2011},
 isbn = {978-1-4503-0586-0},
 location = {Waikiki, Honolulu, HI, USA},
 pages = {1--8},
 numpages = {8},
 url = {http://doi.acm.org/10.1145/1985362.1985364},
 doi = {10.1145/1985362.1985364},
 acmid = {1985364},
 publisher = {ACM},
 address = {New York, NY, USA},
 keywords = {cost, effort, estimation, maintenance, measurement, software economics},
} 

// lim-taksande.pdf
@ARTICLE{lim-taksande, 
author={Lim, E. and Taksande, N. and Seaman, C.}, 
journal={Software, IEEE}, 
title={A Balancing Act: What Software Practitioners Have to Say about Technical Debt}, 
year={2012}, 
volume={29}, 
number={6}, 
pages={22-27}, 
keywords={DP industry;project management;software development management;software quality;project management;software practitioner;software quality;technical debt;Documentation;Interviews;Investments;Risk management;Software quality;Software testing;maintenance management;software engineering;software maintenance;technical debt}, 
doi={10.1109/MS.2012.130}, 
ISSN={0740-7459}, 
month={Nov},}

// Krutchen - TD
@ARTICLE{krutchen, 
author={Kruchten, Philippe and Nord, R.L. and Ozkaya, I.}, 
journal={Software, IEEE}, 
title={Technical Debt: From Metaphor to Theory and Practice}, 
year={2012}, 
volume={29}, 
number={6}, 
pages={18-21}, 
keywords={Investments;Risk management;Software maintenance;Software quality;Sofware testing;evolvability;maintainability;refactoring;software quality;technical debt}, 
doi={10.1109/MS.2012.167}, 
ISSN={0740-7459}, 
month={Nov},}

// p247-siebra
@inproceedings{p247-siebra,
 author = {Siebra, Clauirton Siebra A. and Tonin, Graziela S. and Silva, Fabio Q.B. and Oliveira, Rebeka G. and Junior, Antonio L.O.C. and Miranda, Regina C.G. and Santos, Andre L.M.},
 title = {Managing Technical Debt in Practice: An Industrial Report},
 booktitle = {Proceedings of the ACM-IEEE International Symposium on Empirical Software Engineering and Measurement},
 series = {ESEM '12},
 year = {2012},
 isbn = {978-1-4503-1056-7},
 location = {Lund, Sweden},
 pages = {247--250},
 numpages = {4},
 url = {http://doi.acm.org/10.1145/2372251.2372297},
 doi = {10.1145/2372251.2372297},
 acmid = {2372297},
 publisher = {ACM},
 address = {New York, NY, USA},
 keywords = {maintenance, software evolution, technical debt},
}


// p8-codabux
@inproceedings{p8-codabux,
 author = {Codabux, Zadia and Williams, Byron},
 title = {Managing Technical Debt: An Industrial Case Study},
 booktitle = {Proceedings of the 4th International Workshop on Managing Technical Debt},
 series = {MTD '13},
 year = {2013},
 isbn = {978-1-4673-6443-0},
 location = {San Francisco, California},
 pages = {8--15},
 numpages = {8},
 url = {http://dl.acm.org/citation.cfm?id=2663297.2663299},
 acmid = {2663299},
 publisher = {IEEE Press},
 address = {Piscataway, NJ, USA},
 keywords = {agile methods, industrial case study, scrum, semi-structure interviews, technical debt},
} 

// p9-bohnet
@inproceedings{p9-bohnet,
 author = {Bohnet, Johannes and D\"{o}llner, J\"{u}rgen},
 title = {Monitoring Code Quality and Development Activity by Software Maps},
 booktitle = {Proceedings of the 2Nd Workshop on Managing Technical Debt},
 series = {MTD '11},
 year = {2011},
 isbn = {978-1-4503-0586-0},
 location = {Waikiki, Honolulu, HI, USA},
 pages = {9--16},
 numpages = {8},
 url = {http://doi.acm.org/10.1145/1985362.1985365},
 doi = {10.1145/1985362.1985365},
 acmid = {1985365},
 publisher = {ACM},
 address = {New York, NY, USA},
 keywords = {automated software analysis, managing technical debt, refactoring, software quality, software visualization},
} 

// p31-guo
@inproceedings{p31-guo,
 author = {Guo, Yuepu and Seaman, Carolyn},
 title = {A Portfolio Approach to Technical Debt Management},
 booktitle = {Proceedings of the 2Nd Workshop on Managing Technical Debt},
 series = {MTD '11},
 year = {2011},
 isbn = {978-1-4503-0586-0},
 location = {Waikiki, Honolulu, HI, USA},
 pages = {31--34},
 numpages = {4},
 url = {http://doi.acm.org/10.1145/1985362.1985370},
 doi = {10.1145/1985362.1985370},
 acmid = {1985370},
 publisher = {ACM},
 address = {New York, NY, USA},
 keywords = {decision making, portfolio, software maintenance, software risk, technical debt},
} 

// p33-ozkaya
@article{p33-ozkaya,
 author = {Ozkaya, Ipek and Kruchten, Philippe and Nord, Robert L. and Brown, Nanette},
 title = {Managing Technical Debt in Software Development: Report on the 2Nd International Workshop on Managing Technical Debt, Held at ICSE 2011},
 journal = {SIGSOFT Softw. Eng. Notes},
 issue_date = {September 2011},
 volume = {36},
 number = {5},
 month = sep,
 year = {2011},
 issn = {0163-5948},
 pages = {33--35},
 numpages = {3},
 url = {http://doi.acm.org/10.1145/2020976.2020979},
 doi = {10.1145/2020976.2020979},
 acmid = {2020979},
 publisher = {ACM},
 address = {New York, NY, USA},
 keywords = {software economics, software quality, technical debt},
} 


// p35-klinger
@inproceedings{p35-klinger,
 author = {Klinger, Tim and Tarr, Peri and Wagstrom, Patrick and Williams, Clay},
 title = {An Enterprise Perspective on Technical Debt},
 booktitle = {Proceedings of the 2Nd Workshop on Managing Technical Debt},
 series = {MTD '11},
 year = {2011},
 isbn = {978-1-4503-0586-0},
 location = {Waikiki, Honolulu, HI, USA},
 pages = {35--38},
 numpages = {4},
 url = {http://doi.acm.org/10.1145/1985362.1985371},
 doi = {10.1145/1985362.1985371},
 acmid = {1985371},
 publisher = {ACM},
 address = {New York, NY, USA},
 keywords = {extended stakeholders, leverage, technical debt},
} 

// p50-allman
@article{p50-allman,
 author = {Allman, Eric},
 title = {Managing Technical Debt},
 journal = {Commun. ACM},
 issue_date = {May 2012},
 volume = {55},
 number = {5},
 month = may,
 year = {2012},
 issn = {0001-0782},
 pages = {50--55},
 numpages = {6},
 url = {http://doi.acm.org/10.1145/2160718.2160733},
 doi = {10.1145/2160718.2160733},
 acmid = {2160733},
 publisher = {ACM},
 address = {New York, NY, USA},
} 

// a28-falessi
@inproceedings{Falessi:2015:FRI:2797433.2797462,
 author = {Falessi, Davide and Kruchten, Philippe},
 title = {Five Reasons for Including Technical Debt in the Software Engineering Curriculum},
 booktitle = {Proceedings of the 2015 European Conference on Software Architecture Workshops},
 series = {ECSAW '15},
 year = {2015},
 isbn = {978-1-4503-3393-1},
 location = {Dubrovnik, Cavtat, Croatia},
 pages = {28:1--28:4},
 articleno = {28},
 numpages = {4},
 url = {http://doi.acm.org/10.1145/2797433.2797462},
 doi = {10.1145/2797433.2797462},
 acmid = {2797462},
 publisher = {ACM},
 address = {New York, NY, USA},
 keywords = {Software engineering curriculum, technical debt},
} 



// Teknisk gjeld finansavisen










/**************************************
    Software maintenance and evolution 
 *************************************/

@inproceedings{Bennett:2000:SME:336512.336534,
 author = {Bennett, Keith H. and Rajlich, V\'{a}clav T.},
 title = {Software Maintenance and Evolution: A Roadmap},
 booktitle = {Proceedings of the Conference on The Future of Software Engineering},
 series = {ICSE '00},
 year = {2000},
 isbn = {1-58113-253-0},
 location = {Limerick, Ireland},
 pages = {73--87},
 numpages = {15},
 url = {http://doi.acm.org/10.1145/336512.336534},
 doi = {10.1145/336512.336534},
 acmid = {336534},
 publisher = {ACM},
 address = {New York, NY, USA},
} 

@ARTICLE{720567, 
journal={IEEE Std 1219-1998}, 
title={IEEE Standard for Software Maintenance}, 
year={1998}, 
pages={i-}, 
keywords={software maintenance;IEEE Std 1219-1998;IEEE standard;software life-cycle;software maintenance activities management;software maintenance activity execution;Software maintenance}, 
doi={10.1109/IEEESTD.1998.88278}, 
month={},}


@article{lientz1980software,
  title={Software maintenance management: a study of the maintenance of computer application software in 487 data processing organizations},
  author={Lientz, Bennet P and Swanson, E Burton},
  year={1980},
  publisher={Addison-Wesley Pub (Sd)}
}

@article{chapin2001types,
  title={Types of software evolution and software maintenance},
  author={Chapin, Ned and Hale, Joanne E and Khan, Khaled Md and Ramil, Juan F and Tan, Wui-Gee},
  journal={Journal of software maintenance and evolution: Research and Practice},
  volume={13},
  number={1},
  pages={3--30},
  year={2001},
  publisher={Wiley Online Library}
}

@inproceedings{bennett2000software,
  title={Software maintenance and evolution: a roadmap},
  author={Bennett, Keith H and Rajlich, V{\'a}clav T},
  booktitle={Proceedings of the Conference on the Future of Software Engineering},
  pages={73--87},
  year={2000},
  organization={ACM}
}

@book{1999:RID:311424,
 title = {Refactoring: Improving the Design of Existing Code},
 year = {1999},
 isbn = {0-201-48567-2},
 publisher = {Addison-Wesley Longman Publishing Co., Inc.},
 address = {Boston, MA, USA},
} 



/**************************************
        Embedded systems
 *************************************/

 @inproceedings{Heiser:2008:RVE:1435458.1435461,
 author = {Heiser, Gernot},
 title = {The Role of Virtualization in Embedded Systems},
 booktitle = {Proceedings of the 1st Workshop on Isolation and Integration in Embedded Systems},
 series = {IIES '08},
 year = {2008},
 isbn = {978-1-60558-126-2},
 location = {Glasgow, Scotland},
 pages = {11--16},
 numpages = {6},
 url = {http://doi.acm.org/10.1145/1435458.1435461},
 doi = {10.1145/1435458.1435461},
 acmid = {1435461},
 publisher = {ACM},
 address = {New York, NY, USA},
} 

 @ARTICLE{159342, 
journal={IEEE Std 610.12-1990}, 
title={IEEE Standard Glossary of Software Engineering Terminology}, 
year={1990}, 
pages={1-84}, 
keywords={glossaries;software engineering;standards;IEEE Std 610.12-1990;software engineering terminology;standard glossary;Software engineering;Standards;Terminology;Definitions;Software engineering;dictionary;glossary;terminology}, 
doi={10.1109/IEEESTD.1990.101064}, 
month={Dec},}

@INPROCEEDINGS{4595552, 
author={Shao Long Zhang and Ning zhou and Jia Xin Wu}, 
booktitle={Embedded Software and Systems, 2008. ICESS '08. International Conference on}, 
title={The Fuzzy Integrated Evaluation of Embedded System Security}, 
year={2008}, 
pages={157-162}, 
keywords={biometrics (access control);data handling;embedded systems;fuzzy systems;human computer interaction;security of data;Delphi method;embedded system security;fuzzy expert evaluation;fuzzy integrated evaluation;man-computer combined data collection;wireless biometric authentication device;Biometrics;Cellular phones;Communication system security;Data security;Embedded system;Fuzzy systems;Personal digital assistants;Power system security;Smart cards;Web server;embedded system;fuzzy evaluation;security}, 
doi={10.1109/ICESS.2008.49}, 
month={July},}

@INPROCEEDINGS{4590136, 
author={Han, A.H. and Young-Si Hwang and Young-Ho An and So-Jin Lee and Ki-Seok Chung}, 
booktitle={Audio, Language and Image Processing, 2008. ICALIP 2008. International Conference on}, 
title={Virtual ARM Platform for embedded system developers}, 
year={2008}, 
pages={586-592}, 
keywords={embedded systems;logic design;microprocessor chips;program debugging;program testing;SYS-Lab 5000;embedded system development;microprocessor-based design methodology;software debugging;software testing;system-on-chip design;virtual ARM platform;Costs;Debugging;Design methodology;Embedded software;Embedded system;Hardware;Software design;Software testing;System testing;System-on-a-chip}, 
doi={10.1109/ICALIP.2008.4590136}, 
month={July},}

@INPROCEEDINGS{4519555, 
author={Kopetz, Hermann}, 
booktitle={Object Oriented Real-Time Distributed Computing (ISORC), 2008 11th IEEE International Symposium on}, 
title={The Complexity Challenge in Embedded System Design}, 
year={2008}, 
pages={3-12}, 
keywords={distributed processing;embedded systems;cognitive complexity;component-based design;distributed embedded systems;embedded system design;Buildings;Distributed computing;Embedded computing;Embedded system;Hardware;Mechanical factors;Object oriented modeling;Power system modeling;Real time systems;System-on-a-chip}, 
doi={10.1109/ISORC.2008.14}, 
month={May},}

@INPROCEEDINGS{563572, 
author={Koopman, P.}, 
booktitle={Computer Design: VLSI in Computers and Processors, 1996. ICCD '96. Proceedings., 1996 IEEE International Conference on}, 
title={Embedded system design issues (the rest of the story)}, 
year={1996}, 
pages={310-317}, 
keywords={real-time systems;systems analysis;business-driven factors;design culture dysfunction;embedded computer design;embedded system design issues;holistic embedded system design;long life-cycle;real-time requirements;reliability requirements;Application software;Computer interfaces;Control systems;Embedded system;Heat engines;Mission critical systems;Signal processing;Software safety;Space heating;Vibrations}, 
doi={10.1109/ICCD.1996.563572}, 
ISSN={1063-6404}, 
month={Oct},}

@article{wolfmadsen-2000, 
    author        = {Wolf, W. and Madsen, J.}, 
    journal       = {Proceedings of the IEEE}, 
    title         = {Embedded systems education for the future}, 
    year={2000}, 
    volume={88}, 
    number={1}, 
    pages={23-30}, 
    keywords={computer science education;embedded systems;concurrent computing systems;embedded computing systems;embedded systems education;systems analysis;systems design;Computer science education;Concurrent computing;Design methodology;Embedded computing;Embedded system;Engineering education;Microprocessors;Power engineering computing;Process design;Very large scale integration}, 
    doi={10.1109/5.811598}, 
    ISSN={0018-9219}, 
    month={Jan}
}

@article{koopman2004embedded,
  title={Embedded system security},
  author={Koopman, Philip},
  journal={Computer},
  volume={37},
  number={7},
  pages={95--97},
  year={2004},
  publisher={IEEE}
}

@inproceedings{kocher2004security,
  title={Security as a new dimension in embedded system design},
  author={Kocher, Paul and Lee, Ruby and McGraw, Gary and Raghunathan, Anand and Moderator-Ravi, Srivaths},
  booktitle={Proceedings of the 41st annual Design Automation Conference},
  pages={753--760},
  year={2004},
  organization={ACM}
}

@article{ravi2004security,
  title={Security in embedded systems: Design challenges},
  author={Ravi, Srivaths and Raghunathan, Anand and Kocher, Paul and Hattangady, Sunil},
  journal={ACM Transactions on Embedded Computing Systems (TECS)},
  volume={3},
  number={3},
  pages={461--491},
  year={2004},
  publisher={ACM}
}





/**************************************
        Config management
 *************************************/




 /**************************************
        Software engineering
 *************************************/

@book{Vliet:2008:SEP:1481475,
 author = {Vliet, Hans van},
 title = {Software Engineering: Principles and Practice},
 year = {2008},
 isbn = {0470031468},
 edition = {3rd},
 publisher = {Wiley Publishing},
} 

@book{Pressman:2009:SEP:1593949,
 author = {Pressman, Roger},
 title = {Software Engineering: A Practitioner's Approach},
 year = {2010},
 isbn = {0073375977, 9780073375977},
 edition = {7},
 publisher = {McGraw-Hill, Inc.},
 address = {New York, NY, USA},
} 



 /**************************************
        Software architechture
 *************************************/

 @article{shaw2006golden,
  title={The golden age of software architecture},
  author={Shaw, Mary and Clements, Paul},
  journal={Software, IEEE},
  volume={23},
  number={2},
  pages={31--39},
  year={2006},
  publisher={IEEE}
}

@inproceedings{knodel2006static,
  title={Static evaluation of software architectures},
  author={Knodel, Jens and Lindvall, Mikael and Muthig, Dirk and Naab, Matthias},
  booktitle={Software Maintenance and Reengineering, 2006. CSMR 2006. Proceedings of the 10th European Conference on},
  pages={10--pp},
  year={2006},
  organization={IEEE}
}

 @article{rosik2011assessing,
  title={Assessing architectural drift in commercial software development: a case study},
  author={Rosik, Jacek and Le Gear, Andrew and Buckley, Jim and Babar, Muhammad Ali and Connolly, Dave},
  journal={Software: Practice and Experience},
  volume={41},
  number={1},
  pages={63--86},
  year={2011},
  publisher={Wiley Online Library}
}

@article{li2014architectural,
  title={Architectural debt management in value-oriented architecting},
  author={Li, Zengyang and Liang, Peng and Avgeriou, Paris},
  journal={Economics-Driven Software Architecture, Elsevier},
  pages={183--204},
  year={2014}
}

@inproceedings{kruchten2012strategic,
  title={Strategic Management of Technical Debt: Tutorial Synopsis},
  author={Kruchten, Philippe},
  booktitle={Quality Software (QSIC), 2012 12th International Conference on},
  pages={282--284},
  year={2012},
  organization={IEEE}
}

@inproceedings{mo2013mapping,
  title={Mapping architectural decay instances to dependency models},
  author={Mo, Ran and Garcia, Joshua and Cai, Yuanfang and Medvidovic, Nenad},
  booktitle={Proceedings of the 4th International Workshop on Managing Technical Debt},
  pages={39--46},
  year={2013},
  organization={IEEE Press}
}

@inproceedings{Brondum:2012:VAD:2666036.2666038,
 author = {Brondum, John and Zhu, Liming},
 title = {Visualising Architectural Dependencies},
 booktitle = {Proceedings of the Third International Workshop on Managing Technical Debt},
 series = {MTD '12},
 year = {2012},
 isbn = {978-1-4673-1749-8},
 location = {Zurich, Switzerland},
 pages = {7--14},
 numpages = {8},
 url = {http://dl.acm.org/citation.cfm?id=2666036.2666038},
 acmid = {2666038},
 publisher = {IEEE Press},
 address = {Piscataway, NJ, USA},
 keywords = {architectural debt, architectural dependency analysis, software architecture},
} 

@book{Bass:2012:SAP:2392670,
 author = {Bass, Len and Clements, Paul and Kazman, Rick},
 title = {Software Architecture in Practice},
 year = {2012},
 isbn = {0321815734, 9780321815736},
 edition = {3rd},
 publisher = {Addison-Wesley Professional},
} 



  /**************************************
        Software reuse
 *************************************/

@article{frakes1996software,
  title={Software reuse: metrics and models},
  author={Frakes, William and Terry, Carol},
  journal={ACM Computing Surveys (CSUR)},
  volume={28},
  number={2},
  pages={415--435},
  year={1996},
  publisher={ACM}
}



  /**************************************
        Software development life cycle
 *************************************/

// agile
 @ARTICLE{1504661, 
author={Boehm, B. and Turner, R.}, 
journal={Software, IEEE}, 
title={Management challenges to implementing agile processes in traditional development organizations}, 
year={2005}, 
volume={22}, 
number={5}, 
pages={30-39}, 
keywords={DP industry;project management;software development management;agile software development practices;business process conflicts;development process conflicts;people conflicts;project management challenges;software industry;software management;traditional development organizations;Aerospace engineering;Aerospace materials;Automatic testing;Computer industry;Programming;Project management;Refining;Software development management;Software engineering;Software systems;Agile software development;agile process;process integration;systems engineering}, 
doi={10.1109/MS.2005.129}, 
ISSN={0740-7459}, 
month={Sept},}

@article{manifesto2013think,
  title={Think Big, Act Small},
  author={Manifesto, CHAOS},
  journal={The Standish Group International Inc},
  year={2013}
}


/******************
    Research methods
  ********************/

  @article{hartvigsen1998forskerhaandboken,
  title={Forskerh{\aa}ndboken},
  author={Hartvigsen, Gunnar},
  journal={H{\o}yskoleforlaget AS-Norwegian Academic Press, Kristiansand},
  year={1998}
}

@book{Oates:2006:RIS:1202299,
 author = {Oates, Briony J},
 title = {Researching Information Systems and Computing},
 year = {2006},
 isbn = {1412902231},
 publisher = {Sage Publications Ltd.},
}
