@online{fowler,
	author					= { Martin Fowler },
	title 					= { TechnicalDebtQuadrant },
	year 					= { 2009 },
	url 					= { http://martinfowler.com/bliki/TechnicalDebtQuadrant.html }
}

@online{mcconnell,
	author					= { Steve McConnell },
	title					= { Technical Debt },
	year					= { 2007 },
	url						= { http://www.construx.com/10x_Software_Development/Technical_Debt/ }
}

@online{gartner,
	author					= { Gartner },
	title					= { Gartner Says 4.9 Billion Connected "Things" Will Be in Use in 2015 },
	year					= { 2014 },
	url						= { http://www.gartner.com/newsroom/id/2905717 }
}